@book{milnor1963morse,
  title={Morse Theory.(AM-51)},
  author={Milnor, John},
  volume={51},
  year={1963},
  publisher={Princeton university press}
}

@book{audin2014morse,
  title={Morse theory and Floer homology},
  author={Audin, Mich{\`e}le and Damian, Mihai},
  year={2014},
  publisher={Springer}
}

@article{gutt2012conley,
  title={The {Conley}-{Zehnder} index for a path of symplectic matrices},
  author={Gutt, Jean},
  journal={arXiv preprint arXiv:1201.3728},
  year={2012}
}

@book{da2001lectures,
  title={Lectures on symplectic geometry},
  author={Da Silva, Ana Cannas},
  volume={3575},
  year={2001},
  publisher={Springer}
}

@article{salamon1999lectures,
  title={Lectures on Floer homology},
  author={Salamon, Dietmar},
  journal={Symplectic geometry and topology (Park City, UT, 1997)},
  volume={7},
  pages={143--229},
  year={1999},
  publisher={Citeseer}
}

@book{carmo1992riemannian,
  title={Riemannian geometry},
  author={Carmo, Manfredo Perdig{\~a}o do},
  year={1992},
  publisher={Birkh{\"a}user}
}

@book{jost2008riemannian,
  title={Riemannian geometry and geometric analysis},
  author={Jost, J{\"u}rgen and Jost, J{\`e}urgen},
  volume={42005},
  year={2008},
  publisher={Springer}
}

@book{folland1995introduction,
  title={Introduction to partial differential equations},
  author={Folland, Gerald B},
  year={1995},
  publisher={Princeton university press}
}

@book{hirsch2012differential,
  title={Differential topology},
  author={Hirsch, Morris W},
  volume={33},
  year={2012},
  publisher={Springer Science \& Business Media}
}
